<record><leader>00000cas a2200000 a 4500</leader><controlfield tag="001">43064922</controlfield><controlfield tag="008">991220u1941uuuufluwr ne      0    0eng c</controlfield><datafield ind1=" " ind2=" " tag="010"><subfield code="a">sn 99027038 </subfield></datafield><datafield ind1=" " ind2=" " tag="040"><subfield code="a">FUG</subfield><subfield code="b">eng</subfield><subfield code="c">FUG</subfield><subfield code="d">OCLCQ</subfield><subfield code="d">OCLCF</subfield><subfield code="d">OCLCO</subfield></datafield><datafield ind1=" " ind2=" " tag="042"><subfield code="a">pcc</subfield></datafield><datafield ind1=" " ind2=" " tag="043"><subfield code="a">n-us-fl</subfield></datafield><datafield ind1="0" ind2="4" tag="245"><subfield code="a">The Santa Rosa times and the Jay tribune.</subfield></datafield><datafield ind1="3" ind2="0" tag="246"><subfield code="a">Jay tribune</subfield></datafield><datafield ind1=" " ind2=" " tag="260"><subfield code="a">Milton, Fla. :</subfield><subfield code="b">W.L. and J.B. Amos</subfield></datafield><datafield ind1=" " ind2=" " tag="300"><subfield code="a">v. :</subfield><subfield code="b">ill. ;</subfield><subfield code="c">56 cm.</subfield></datafield><datafield ind1=" " ind2=" " tag="310"><subfield code="a">Weekly</subfield></datafield><datafield ind1="1" ind2=" " tag="362"><subfield code="a">Began in 1941?</subfield></datafield><datafield ind1=" " ind2=" " tag="580"><subfield code="a">Formed by the union of: Santa Rosa times, and: Jay tribune.</subfield></datafield><datafield ind1=" " ind2=" " tag="588"><subfield code="a">Description based on: Vol. 3, no. 24 (Apr. 10, 1941).</subfield></datafield><datafield ind1=" " ind2="0" tag="651"><subfield code="a">Milton (Fla.)</subfield><subfield code="v">Newspapers.</subfield></datafield><datafield ind1=" " ind2="0" tag="651"><subfield code="a">Santa Rosa County (Fla.)</subfield><subfield code="v">Newspapers.</subfield></datafield><datafield ind1=" " ind2="7" tag="655"><subfield code="a">Newspapers.</subfield><subfield code="2">fast</subfield><subfield code="0">(OCoLC)fst01423814</subfield></datafield><datafield ind1=" " ind2="7" tag="651"><subfield code="a">Florida</subfield><subfield code="z">Milton.</subfield><subfield code="2">fast</subfield><subfield code="0">(OCoLC)fst01215856</subfield></datafield><datafield ind1=" " ind2="7" tag="651"><subfield code="a">Florida</subfield><subfield code="z">Santa Rosa County.</subfield><subfield code="2">fast</subfield><subfield code="0">(OCoLC)fst01210221</subfield></datafield><datafield ind1="1" ind2=" " tag="700"><subfield code="a">Amos, W. L.</subfield></datafield><datafield ind1="1" ind2=" " tag="700"><subfield code="a">Amos, J. B.</subfield></datafield><datafield ind1=" " ind2=" " tag="752"><subfield code="a">United States</subfield><subfield code="b">Florida</subfield><subfield code="c">Santa Rosa</subfield><subfield code="d">Milton.</subfield></datafield><datafield ind1="1" ind2="4" tag="780"><subfield code="t">Santa Rosa times</subfield></datafield><datafield ind1="1" ind2="4" tag="780"><subfield code="t">Jay tribune</subfield><subfield code="w">(DLC)sn 99027037</subfield><subfield code="w">(OCoLC)43064879</subfield></datafield></record>